@article{gated-mlp,
  author       = {Hanxiao Liu and
                  Zihang Dai and
                  David R. So and
                  Quoc V. Le},
  title        = {Pay Attention to MLPs},
  journal      = {CoRR},
  volume       = {abs/2105.08050},
  year         = {2021},
  url          = {https://arxiv.org/abs/2105.08050},
  eprinttype    = {arXiv},
  eprint       = {2105.08050},
  timestamp    = {Tue, 18 May 2021 18:46:40 +0200},
  biburl       = {https://dblp.org/rec/journals/corr/abs-2105-08050.bib},
  bibsource    = {dblp computer science bibliography, https://dblp.org}
}

@misc{constrained-monotonic,
      title={Constrained Monotonic Neural Networks}, 
      author={Davor Runje and Sharath M. Shankaranarayana},
      year={2023},
      eprint={2205.11775},
      archivePrefix={arXiv},
      primaryClass={cs.LG},
      url={https://arxiv.org/abs/2205.11775}, 
}

@article{highway,
  author       = {Rupesh Kumar Srivastava and
                  Klaus Greff and
                  J{\"{u}}rgen Schmidhuber},
  title        = {Highway Networks},
  journal      = {CoRR},
  volume       = {abs/1505.00387},
  year         = {2015},
  url          = {http://arxiv.org/abs/1505.00387},
  eprinttype    = {arXiv},
  eprint       = {1505.00387},
  timestamp    = {Mon, 13 Aug 2018 16:48:21 +0200},
  biburl       = {https://dblp.org/rec/journals/corr/SrivastavaGS15.bib},
  bibsource    = {dblp computer science bibliography, https://dblp.org}
}